<record><leader>00000cas a2200000 a 4500</leader><controlfield tag="001">16562128</controlfield><controlfield tag="008">870825d18591860nyuwr ne      0    0eng c</controlfield><datafield ind1=" " ind2=" " tag="010"><subfield code="a">sn 87070140 </subfield></datafield><datafield ind1=" " ind2=" " tag="040"><subfield code="a">NYS</subfield><subfield code="b">eng</subfield><subfield code="c">NYS</subfield><subfield code="d">NYG</subfield><subfield code="d">NYS</subfield><subfield code="d">OCL</subfield><subfield code="d">NYG</subfield><subfield code="d">OCLCQ</subfield><subfield code="d">OCLCF</subfield><subfield code="d">OCLCO</subfield></datafield><datafield ind1="1" ind2=" " tag="029"><subfield code="a">AU@</subfield><subfield code="b">000020236833</subfield></datafield><datafield ind1=" " ind2=" " tag="042"><subfield code="a">pcc</subfield></datafield><datafield ind1=" " ind2=" " tag="043"><subfield code="a">n-us-ny</subfield></datafield><datafield ind1="0" ind2=" " tag="130"><subfield code="a">Reflector and Schenectady Democrat (Schenectady, N.Y : 1859)</subfield></datafield><datafield ind1="1" ind2="4" tag="245"><subfield code="a">The reflector and Schenectady Democrat.</subfield></datafield><datafield ind1="1" ind2="3" tag="246"><subfield code="a">Reflector &amp; Democrat</subfield></datafield><datafield ind1="1" ind2="3" tag="246"><subfield code="a">Reflector and Democrat</subfield></datafield><datafield ind1=" " ind2=" " tag="260"><subfield code="a">Schenectady, N.Y. :</subfield><subfield code="b">Fred. W. Hoffman,</subfield><subfield code="c">1859-</subfield></datafield><datafield ind1=" " ind2=" " tag="300"><subfield code="a">v.</subfield></datafield><datafield ind1="0" ind2=" " tag="362"><subfield code="a">Vol. 26, no. 18 (May 6, 1859)-</subfield></datafield><datafield ind1="1" ind2=" " tag="362"><subfield code="a">Ceased with Oct. 19, 1860 issue.</subfield></datafield><datafield ind1=" " ind2="0" tag="651"><subfield code="a">Schenectady (N.Y.)</subfield><subfield code="v">Newspapers.</subfield></datafield><datafield ind1=" " ind2="0" tag="651"><subfield code="a">Schenectady County (N.Y.)</subfield><subfield code="v">Newspapers.</subfield></datafield><datafield ind1=" " ind2="7" tag="655"><subfield code="a">Newspapers.</subfield><subfield code="2">fast</subfield><subfield code="0">(OCoLC)fst01423814</subfield></datafield><datafield ind1=" " ind2="7" tag="651"><subfield code="a">New York (State)</subfield><subfield code="z">Schenectady.</subfield><subfield code="2">fast</subfield><subfield code="0">(OCoLC)fst01202844</subfield></datafield><datafield ind1=" " ind2="7" tag="651"><subfield code="a">New York (State)</subfield><subfield code="z">Schenectady County.</subfield><subfield code="2">fast</subfield><subfield code="0">(OCoLC)fst01211829</subfield></datafield><datafield ind1=" " ind2=" " tag="752"><subfield code="a">United States</subfield><subfield code="b">New York</subfield><subfield code="c">Schenectady</subfield><subfield code="d">Schenectady.</subfield></datafield><datafield ind1="0" ind2="0" tag="780"><subfield code="t">Schenectady reflector (Schenectady, N.Y. : 1841)</subfield><subfield code="w">(DLC)sn 83031694</subfield><subfield code="w">(OCoLC)9958398</subfield></datafield><datafield ind1="0" ind2="7" tag="785"><subfield code="t">Schenectady Democrat</subfield><subfield code="w">(DLC)sn 83031692</subfield><subfield code="w">(OCoLC)9958302</subfield></datafield><datafield ind1="0" ind2="7" tag="785"><subfield code="t">Schenectady Democrat. And reflector</subfield><subfield code="w">(DLC)sn 83031700</subfield><subfield code="w">(OCoLC)9962726</subfield></datafield></record>